@article{vakil2017rising,
  title={The rising sea: Foundations of algebraic geometry},
  author={Vakil, Ravi},
  journal={preprint},
  year={2017}
}

@book{chriss1997representation,
  title={Representation theory and complex geometry},
  author={Chriss, Neil and Ginzburg, Victor},
  volume={42},
  year={1997},
  publisher={Springer}
}

@article{zhou2022affine,
  title={Affine Pavings of Quiver Flag Varieties},
  author={Zhou, Xiaoxiang},
  journal={arXiv preprint arXiv:2206.00444},
  year={2022}
}

@misc{przezdziecki2015geometric,
  title={Geometric approach to KLR algebras and their representation theory},
  author={Przezdziecki, Tomasz},
  year={2015}
}